<record><leader>00000cas a22000001a 4500</leader><controlfield tag="001">33145135</controlfield><controlfield tag="007">hd bfb016baaa</controlfield><controlfield tag="008">950918d19711973cau x nea     0    0eng c</controlfield><datafield ind1=" " ind2=" " tag="010"><subfield code="a">sn 94094509 </subfield></datafield><datafield ind1=" " ind2=" " tag="040"><subfield code="a">NN</subfield><subfield code="b">eng</subfield><subfield code="c">RQM</subfield><subfield code="d">OCL</subfield><subfield code="d">OCLCQ</subfield><subfield code="d">OCLCF</subfield><subfield code="d">OCLCO</subfield></datafield><datafield ind1=" " ind2=" " tag="012"><subfield code="i">9508</subfield></datafield><datafield ind1="1" ind2=" " tag="029"><subfield code="a">AU@</subfield><subfield code="b">000025862839</subfield></datafield><datafield ind1="0" ind2=" " tag="041"><subfield code="a">engspa</subfield></datafield><datafield ind1=" " ind2=" " tag="042"><subfield code="a">pcc</subfield></datafield><datafield ind1=" " ind2=" " tag="043"><subfield code="a">n-us-ca</subfield></datafield><datafield ind1="0" ind2="0" tag="245"><subfield code="a">Pamoja venceremos</subfield><subfield code="h">[microform] =</subfield><subfield code="b">Together we will win.</subfield></datafield><datafield ind1="3" ind2="1" tag="246"><subfield code="a">Together we will win</subfield></datafield><datafield ind1=" " ind2=" " tag="260"><subfield code="a">Palo Alto, Calif. :</subfield><subfield code="b">Pamoja Venceremos,</subfield><subfield code="c">1971-</subfield></datafield><datafield ind1=" " ind2=" " tag="300"><subfield code="a">v. :</subfield><subfield code="b">ill. ;</subfield><subfield code="c">45 cm.</subfield></datafield><datafield ind1=" " ind2=" " tag="310"><subfield code="a">Irregular,</subfield><subfield code="b">May 11/25, 1972-</subfield></datafield><datafield ind1=" " ind2=" " tag="321"><subfield code="a">Biweekly,</subfield><subfield code="b">1971-Apr. 27/May 11, 1972</subfield></datafield><datafield ind1="0" ind2=" " tag="362"><subfield code="a">[Vol. 1] no. 1 (May 18, 1971)-</subfield></datafield><datafield ind1="1" ind2=" " tag="362"><subfield code="a">Ceased in 1973.</subfield></datafield><datafield ind1=" " ind2=" " tag="500"><subfield code="a">"Peninsular intercommunal news service = Servico de noticias intercomunales de la peninsula."</subfield></datafield><datafield ind1=" " ind2=" " tag="515"><subfield code="a">Issues for May 18-Dec. 18/31, 1971 lack vol. designation but constitute vol. 1.</subfield></datafield><datafield ind1=" " ind2=" " tag="515"><subfield code="a">Issue for Mar. 21-31 [1972] misdated as Feb. 6-20 [1972].</subfield></datafield><datafield ind1=" " ind2=" " tag="546"><subfield code="a">In English and Spanish. Inverted text, Oct. 31/Nov. 13 [1972]-1973.</subfield></datafield><datafield ind1=" " ind2=" " tag="533"><subfield code="a">Microfilm.</subfield><subfield code="m">v.1:no. 1-v.3:no. 9 (May 18,1971-Aug. 27,1973):[Gaps]</subfield><subfield code="b">New York :</subfield><subfield code="c">New York Public Library,</subfield><subfield code="d">[19--].</subfield><subfield code="e">1 microfilm reel ; 35 mm.</subfield></datafield><datafield ind1=" " ind2="0" tag="650"><subfield code="a">Mexican Americans</subfield><subfield code="x">Civil rights</subfield><subfield code="z">California</subfield><subfield code="v">Newspapers.</subfield></datafield><datafield ind1=" " ind2="0" tag="650"><subfield code="a">African Americans</subfield><subfield code="z">California</subfield><subfield code="v">Newspapers.</subfield></datafield><datafield ind1=" " ind2="0" tag="650"><subfield code="a">Civil rights movements</subfield><subfield code="z">California</subfield><subfield code="v">Newspapers.</subfield></datafield><datafield ind1=" " ind2="7" tag="655"><subfield code="a">Newspapers.</subfield><subfield code="2">fast</subfield><subfield code="0">(OCoLC)fst01423814</subfield></datafield><datafield ind1=" " ind2="7" tag="650"><subfield code="a">African Americans.</subfield><subfield code="2">fast</subfield><subfield code="0">(OCoLC)fst00799558</subfield></datafield><datafield ind1=" " ind2="7" tag="650"><subfield code="a">Civil rights movements.</subfield><subfield code="2">fast</subfield><subfield code="0">(OCoLC)fst00862708</subfield></datafield><datafield ind1=" " ind2="7" tag="650"><subfield code="a">Mexican Americans</subfield><subfield code="x">Civil rights.</subfield><subfield code="2">fast</subfield><subfield code="0">(OCoLC)fst01019081</subfield></datafield><datafield ind1=" " ind2="7" tag="651"><subfield code="a">California.</subfield><subfield code="2">fast</subfield><subfield code="0">(OCoLC)fst01204928</subfield></datafield><datafield ind1=" " ind2=" " tag="752"><subfield code="a">United States</subfield><subfield code="b">California</subfield><subfield code="c">Santa Clara</subfield><subfield code="d">Palo Alto.</subfield></datafield><datafield ind1="1" ind2=" " tag="776"><subfield code="c">Original</subfield><subfield code="w">(DLC)sn 86026164</subfield></datafield><datafield ind1="0" ind2="0" tag="780"><subfield code="t">Venceremos (Palo Alto, Calif.)</subfield></datafield><datafield ind1="0" ind2="0" tag="785"><subfield code="t">Venceremos (Palo Alto, Calif. : 1973)</subfield></datafield><datafield ind1=" " ind2=" " tag="850"><subfield code="a">NN</subfield><subfield code="a">NN (master)</subfield></datafield></record>